<record><leader>00000cas a22000007a 4500</leader><controlfield tag="001">33527248</controlfield><controlfield tag="008">951118d19871989inuwr ne      0    0eng d</controlfield><controlfield tag="009">5452</controlfield><datafield ind1=" " ind2=" " tag="010"><subfield code="a">sn 95067526 </subfield></datafield><datafield ind1=" " ind2=" " tag="040"><subfield code="a">NPI</subfield><subfield code="b">eng</subfield><subfield code="c">NPI</subfield></datafield><datafield ind1=" " ind2=" " tag="042"><subfield code="a">msc</subfield></datafield><datafield ind1="0" ind2="0" tag="245"><subfield code="a">Tri-county voice.</subfield></datafield><datafield ind1="2" ind2=" " tag="246"><subfield code="a">Tri county voice</subfield></datafield><datafield ind1=" " ind2=" " tag="260"><subfield code="a">Swayzee, Ind. :</subfield><subfield code="b">Lee Pub.,</subfield><subfield code="c">1987-1989.</subfield></datafield><datafield ind1=" " ind2=" " tag="300"><subfield code="a">2 v. :</subfield><subfield code="b">ill.</subfield></datafield><datafield ind1=" " ind2=" " tag="310"><subfield code="a">Weekly</subfield></datafield><datafield ind1="0" ind2=" " tag="362"><subfield code="a">Vol. 100 [i.e. 10], no. 19 (May 7, 1987)-v. 11, no. 30 (July 27, 1989).</subfield></datafield><datafield ind1=" " ind2=" " tag="515"><subfield code="a">Issues for May 7, 1987-June 18, 1987 called v. 100, but constitute v. 10.</subfield></datafield><datafield ind1=" " ind2=" " tag="752"><subfield code="a">United States</subfield><subfield code="b">Indiana</subfield><subfield code="c">Grant</subfield><subfield code="d">Swayzee.</subfield></datafield><datafield ind1="0" ind2="0" tag="780"><subfield code="t">Oak Hill times (Swayzee, Ind.)</subfield><subfield code="w">(DLC)sn 95067525</subfield></datafield><datafield ind1="0" ind2="0" tag="785"><subfield code="t">Oak Hill times (Swayzee, Ind. : 1989)</subfield><subfield code="w">(DLC)sn 87056333</subfield></datafield></record>